<record><leader>00000cas a22000007a 4500</leader><controlfield tag="001">12865163</controlfield><controlfield tag="008">851203d18881888wiudr ne      0    0eng d</controlfield><datafield ind1=" " ind2=" " tag="010"><subfield code="a">sn 85041556 </subfield></datafield><datafield ind1=" " ind2=" " tag="040"><subfield code="a">NPV</subfield><subfield code="b">eng</subfield><subfield code="c">NPV</subfield><subfield code="d">OCLCQ</subfield></datafield><datafield ind1=" " ind2=" " tag="042"><subfield code="a">msc</subfield></datafield><datafield ind1="0" ind2=" " tag="130"><subfield code="a">Daily commonwealth (Ripon, Wis. : 1888)</subfield></datafield><datafield ind1="1" ind2="4" tag="245"><subfield code="a">The daily commonwealth.</subfield></datafield><datafield ind1=" " ind2=" " tag="260"><subfield code="a">Ripon, Wis. :</subfield><subfield code="b">[Ellsworth &amp; Harmon],</subfield><subfield code="c">1888-1888.</subfield></datafield><datafield ind1=" " ind2=" " tag="300"><subfield code="a">1 v. :</subfield><subfield code="b">ill.</subfield></datafield><datafield ind1="0" ind2=" " tag="362"><subfield code="a">Vol. 1, no. 1 (Aug. 13, 1888)-v. 1, no. 5 (Aug. 17, 1888).</subfield></datafield><datafield ind1=" " ind2=" " tag="500"><subfield code="a">Issued especially for the Second Regiment W.N.G.</subfield></datafield><datafield ind1=" " ind2=" " tag="752"><subfield code="a">United States</subfield><subfield code="b">Wisconsin</subfield><subfield code="c">Fond du Lac</subfield><subfield code="d">Ripon.</subfield></datafield></record>